<record><leader>00000cas a2200000 a 4500</leader><controlfield tag="001">31145304</controlfield><controlfield tag="007">hd bfu---baat</controlfield><controlfield tag="007">hd afu---bact</controlfield><controlfield tag="008">940920c18939999nbuwr nea     0    0eng c</controlfield><datafield ind1=" " ind2=" " tag="010"><subfield code="a">sn 94056324 </subfield></datafield><datafield ind1=" " ind2=" " tag="040"><subfield code="a">NVG</subfield><subfield code="b">eng</subfield><subfield code="c">NVG</subfield><subfield code="d">OCLCQ</subfield><subfield code="d">OCLCF</subfield><subfield code="d">OCLCO</subfield></datafield><datafield ind1="1" ind2=" " tag="029"><subfield code="a">AU@</subfield><subfield code="b">000011276825</subfield></datafield><datafield ind1=" " ind2=" " tag="042"><subfield code="a">pcc</subfield></datafield><datafield ind1=" " ind2=" " tag="043"><subfield code="a">n-us-nb</subfield></datafield><datafield ind1="0" ind2="4" tag="245"><subfield code="a">The Minden courier</subfield><subfield code="h">[microform].</subfield></datafield><datafield ind1=" " ind2=" " tag="260"><subfield code="a">Minden, Kearney County, Neb. :</subfield><subfield code="b">Ed Richmond,</subfield><subfield code="c">1893-</subfield></datafield><datafield ind1=" " ind2=" " tag="300"><subfield code="a">v.</subfield></datafield><datafield ind1=" " ind2=" " tag="310"><subfield code="a">Weekly</subfield></datafield><datafield ind1="0" ind2=" " tag="362"><subfield code="a">Vol. 3, no. 40 (July 6, 1893)-</subfield></datafield><datafield ind1=" " ind2=" " tag="580"><subfield code="a">Formed by the union of: Workman (Minden, Neb.), and Kearney County Democrat.</subfield></datafield><datafield ind1=" " ind2=" " tag="580"><subfield code="a">Absorbed: Minden news, 1922; Wilcox herald, 1941; Axtell times, 1953; Kenesaw times (Kenesaw, Neb. : 1974), 1975 and: Kearney County news (Minden, Neb. : 1960), 1980.</subfield></datafield><datafield ind1=" " ind2=" " tag="533"><subfield code="a">Microfilm.</subfield><subfield code="m">Jan. 16,1958- :[Gaps]</subfield><subfield code="b">Lincoln, Neb. :</subfield><subfield code="c">Nebraska State Historical Society.</subfield><subfield code="e">microfilm reels ; 35 mm.</subfield></datafield><datafield ind1=" " ind2="0" tag="651"><subfield code="a">Kearney County (Neb.)</subfield><subfield code="v">Newspapers.</subfield></datafield><datafield ind1=" " ind2="7" tag="655"><subfield code="a">Newspapers.</subfield><subfield code="2">fast</subfield><subfield code="0">(OCoLC)fst01423814</subfield></datafield><datafield ind1=" " ind2="7" tag="651"><subfield code="a">Nebraska</subfield><subfield code="z">Kearney County.</subfield><subfield code="2">fast</subfield><subfield code="0">(OCoLC)fst01227529</subfield></datafield><datafield ind1=" " ind2=" " tag="752"><subfield code="a">United States</subfield><subfield code="b">Nebraska</subfield><subfield code="c">Kearney</subfield><subfield code="d">Minden.</subfield></datafield><datafield ind1="1" ind2="4" tag="780"><subfield code="t">Workman (Minden, Neb.)</subfield><subfield code="w">(DLC)sn 94056331</subfield></datafield><datafield ind1="1" ind2="4" tag="780"><subfield code="t">Kearney County Democrat</subfield><subfield code="w">(DLC)sn 94056323</subfield></datafield><datafield ind1="1" ind2="5" tag="780"><subfield code="t">Minden News</subfield><subfield code="w">(DLC)sn 94056294</subfield></datafield><datafield ind1="1" ind2="5" tag="780"><subfield code="t">Wilcox herald</subfield><subfield code="w">(DLC)sn 94056329</subfield></datafield><datafield ind1="1" ind2="5" tag="780"><subfield code="t">Axtell times</subfield><subfield code="w">(DLC)sn 94056320</subfield></datafield><datafield ind1="1" ind2="5" tag="780"><subfield code="t">Kearney County news (Minden, Neb. : 1960)</subfield><subfield code="w">(DLC)sn 94056325</subfield></datafield><datafield ind1="1" ind2="5" tag="780"><subfield code="t">Kenesaw times (Kenesaw, Neb. : 1974)</subfield><subfield code="w">(DLC)sn 95070495</subfield></datafield></record>